
@misc{installation-usage-guide,
  title = {{HP Fortify Plug-in for Eclipse - Installation and Usage guide} },
  howpublished = {\url{http://faculty.capitol-college.edu/~hhvanhorn/Documentation/HP_Fortify_Eclipse_Plugin_Guide_3.90.pdf}},
  note = {Accessed: 2014-09-31}
}

@misc{fortify-software-wiki,
  title = {{HP Fortify Software - Wiki }},
  howpublished = {\url{http://en.wikipedia.org/wiki/Fortify_Software}},
  note = {Accessed: 2014-09-30}
}

@misc{fortify-software-homepage-features,
  title = {{HP Fortify Software} home page - Fortify Static Code Analyser },
  howpublished = {\url{http://www8.hp.com/us/en/software-solutions/software.html?compURI=1338812#.VCvCHvl_sfY}},
  note = {Accessed: 2014-09-29}
}

@misc{dhis2-homepage,
  title = {{DHIS 2 (District Health Information System 2) - home page}},
  howpublished = {\url{https://www.dhis2.org/}},
  note = {Accessed: 2014-09-26}
}

@misc{dhis2-wiki,
  title = {{DHIS 2 (District Health Information System 2) - Wiki }},
  howpublished = {\url{http://en.wikipedia.org/wiki/DHIS}},
  note = {Accessed: 2014-09-26}
}

@misc{zap-documentation,
  title = {{OWASP ZAP (OWASP Zed Attack Proxy) - Documentation }},
  howpublished = {\url{https://code.google.com/p/zaproxy}},
  note = {Accessed: 2014-09-24}
}

@misc{zap-homepage,
  title = {{OWASP ZAP (OWASP Zed Attack Proxy) - Homepage }},
  howpublished = {\url{https://www.owasp.org/index.php/OWASP_Zed_Attack_Proxy_Project}},
  note = {Accessed: 2014-09-24}
}

@misc{no-sniff,
  title = {{X-Content-Type-Options: 'nosniff' - Information page}},
  howpublished = {\url{http://msdn.microsoft.com/en-us/library/ie/gg622941%28v=vs.85%29.aspx}},
  note = {Accessed: 2014-10-21}
}

@misc{important-headers,
  title = {{List of important HTTP headers - Wiki }},
  howpublished = {\url{https://www.owasp.org/index.php/List_of_useful_HTTP_headers}},
  note = {Accessed: 2014-10-21}
}

@misc{url-sessionid-risks,
  title = {{Risks using cookieless session id - Information}},
  howpublished = {\url{http://security.stackexchange.com/a/17733}},
  note = {Accessed: 2014-10-21}
}

@misc{clickjacking,
  title = {{Clickjacking - Wiki}},
  howpublished = {\url{https://www.owasp.org/index.php/Clickjacking}},
  note = {Accessed: 2014-10-23}
}
@misc{httponly,
  title = {{HttpOnly Flag - Wiki}},
  howpublished = {\url{https://www.owasp.org/index.php/HttpOnly}},
  note = {Accessed: 2014-11-04}
}

@misc{session-management,
  title = {{Session management - Wiki}},
  howpublished = {\url{https://www.owasp.org/index.php/Session_Management_Cheat_Sheet
}},
  note = {Accessed: 2014-11-04}
}

@misc{spring-security,
  title = {{Spring security - Wiki}},
  howpublished = {\url{http://docs.spring.io/spring-security/site/docs/3.2.0.CI-SNAPSHOT/reference/html/headers.html}},
  note = {Accessed: 2014-11-04}
}

@misc{cheatsheet,
  title = {{OWASP XSS Prevention Cheatsheet - Wiki}},
  howpublished = {\url{https://www.owasp.org/index.php/XSS_(Cross_Site_Scripting)_Prevention_Cheat_Sheet}},
  note = {Accessed: 2014-11-12}
}

@misc{preventxss,
  title = {{Prevent xss - Bloggpost}},
  howpublished = {\url{http://jeevanpatil.wordpress.com/2011/07/22/prevention_of_xss/}},
  note = {Accessed: 2014-11-12}
}

http://jeevanpatil.wordpress.com/2011/07/22/prevention_of_xss/